<record><leader>00000cas a22000007a 4500</leader><controlfield tag="001">16000558</controlfield><controlfield tag="008">870619d19251926inudn ne      0    0eng d</controlfield><datafield ind1=" " ind2=" " tag="010"><subfield code="a">sn 87056272 </subfield></datafield><datafield ind1=" " ind2=" " tag="040"><subfield code="a">NPI</subfield><subfield code="b">eng</subfield><subfield code="c">NPI</subfield><subfield code="d">OCLCQ</subfield><subfield code="d">NPI</subfield><subfield code="d">IUL</subfield><subfield code="d">OCLCF</subfield></datafield><datafield ind1=" " ind2=" " tag="042"><subfield code="a">msc</subfield></datafield><datafield ind1=" " ind2=" " tag="043"><subfield code="a">n-us-in</subfield></datafield><datafield ind1="0" ind2=" " tag="130"><subfield code="a">La Porte times (LaPorte, Ind. : 1925)</subfield></datafield><datafield ind1="1" ind2="0" tag="245"><subfield code="a">La Porte times.</subfield></datafield><datafield ind1=" " ind2=" " tag="260"><subfield code="a">Laporte, Ind. :</subfield><subfield code="b">La Porte Times Corp.,</subfield><subfield code="c">1925-1926.</subfield></datafield><datafield ind1=" " ind2=" " tag="310"><subfield code="a">Daily (except Sun.)</subfield></datafield><datafield ind1="0" ind2=" " tag="362"><subfield code="a">Vol. 1, no. 1 (Oct. 7, 1925)-v. 1, no. 92 (Jan. 25, 1926).</subfield></datafield><datafield ind1=" " ind2="0" tag="651"><subfield code="a">LaPorte (Ind.)</subfield><subfield code="v">Newspapers.</subfield></datafield><datafield ind1=" " ind2="0" tag="651"><subfield code="a">LaPorte County (Ind.)</subfield><subfield code="v">Newspapers.</subfield></datafield><datafield ind1=" " ind2="7" tag="651"><subfield code="a">Indiana</subfield><subfield code="z">LaPorte.</subfield><subfield code="2">fast</subfield><subfield code="0">(OCoLC)fst01719828</subfield></datafield><datafield ind1=" " ind2="7" tag="651"><subfield code="a">Indiana</subfield><subfield code="z">LaPorte County.</subfield><subfield code="2">fast</subfield><subfield code="0">(OCoLC)fst01719815</subfield></datafield><datafield ind1=" " ind2="7" tag="655"><subfield code="a">Newspapers.</subfield><subfield code="2">fast</subfield><subfield code="0">(OCoLC)fst01423814</subfield></datafield><datafield ind1=" " ind2=" " tag="752"><subfield code="a">United States</subfield><subfield code="b">Indiana</subfield><subfield code="c">LaPorte</subfield><subfield code="d">LaPorte.</subfield></datafield><datafield ind1="0" ind2="4" tag="785"><subfield code="t">La Porte herald-Argus</subfield><subfield code="w">(DLC)sn 82014732</subfield><subfield code="w">(OCoLC)8786946</subfield></datafield></record>